@inproceedings{DBLP:conf/pkc/AbdallaDMNPS07,
  author    = {Michel Abdalla and
               Alexander W. Dent and
               John Malone{-}Lee and
               Gregory Neven and
               Duong Hieu Phan and
               Nigel P. Smart},
  title     = {Identity-Based Traitor Tracing},
  booktitle = {Public Key Cryptography - {PKC} 2007, 10th International Conference
               on Practice and Theory in Public-Key Cryptography, Beijing, China,
               April 16-20, 2007, Proceedings},
  pages     = {361--376},
  year      = {2007},
  crossref  = {DBLP:conf/pkc/2007},
  timestamp = {Tue, 14 May 2019 10:00:54 +0200},
  biburl    = {https://dblp.org/rec/bib/conf/pkc/AbdallaDMNPS07},
  bibsource = {dblp computer science bibliography, https://dblp.org}
}

@inproceedings{DBLP:conf/acns/AumassonNWW13,
  author    = {Jean{-}Philippe Aumasson and
               Samuel Neves and
               Zooko Wilcox{-}O'Hearn and
               Christian Winnerlein},
  title     = {{BLAKE2:} Simpler, Smaller, Fast as {MD5}},
  booktitle = {Applied Cryptography and Network Security - 11th International Conference,
               {ACNS} 2013, Banff, AB, Canada, June 25-28, 2013. Proceedings},
  pages     = {119--135},
  year      = {2013},
  crossref  = {DBLP:conf/acns/2013},
  timestamp = {Sun, 02 Jun 2019 21:19:49 +0200},
  biburl    = {https://dblp.org/rec/bib/conf/acns/AumassonNWW13},
  bibsource = {dblp computer science bibliography, https://dblp.org}
}

@inproceedings{DBLP:conf/crypto/BarakGIRSVY01,
  author    = {Boaz Barak and
               Oded Goldreich and
               Russell Impagliazzo and
               Steven Rudich and
               Amit Sahai and
               Salil P. Vadhan and
               Ke Yang},
  title     = {On the (Im)possibility of Obfuscating Programs},
  booktitle = {Advances in Cryptology - {CRYPTO} 2001, 21st Annual International
               Cryptology Conference, Santa Barbara, California, USA, August 19-23,
               2001, Proceedings},
  pages     = {1--18},
  year      = {2001},
  crossref  = {DBLP:conf/crypto/2001},
  timestamp = {Tue, 14 May 2019 10:00:48 +0200},
  biburl    = {https://dblp.org/rec/bib/conf/crypto/BarakGIRSVY01},
  bibsource = {dblp computer science bibliography, https://dblp.org}
}

@article{DBLP:journals/joc/BonehB11,
  author    = {Dan Boneh and
               Xavier Boyen},
  title     = {Efficient Selective Identity-Based Encryption Without Random Oracles},
  journal   = {Journal of Cryptology},
  volume    = {24},
  number    = {4},
  pages     = {659--693},
  year      = {2011},
  timestamp = {Thu, 18 May 2017 01:00:00 +0200},
  biburl    = {https://dblp.org/rec/bib/journals/joc/BonehB11},
  bibsource = {dblp computer science bibliography, https://dblp.org}
}

@inproceedings{DBLP:conf/eurocrypt/BonehBG05,
  author    = {Dan Boneh and
               Xavier Boyen and
               Eu{-}Jin Goh},
  title     = {Hierarchical Identity Based Encryption with Constant Size Ciphertext},
  booktitle = {Advances in Cryptology - {EUROCRYPT} 2005, 24th Annual International
               Conference on the Theory and Applications of Cryptographic Techniques,
               Aarhus, Denmark, May 22-26, 2005, Proceedings},
  pages     = {440--456},
  year      = {2005},
  crossref  = {DBLP:conf/eurocrypt/2005},
  timestamp = {Tue, 14 May 2019 10:00:53 +0200},
  biburl    = {https://dblp.org/rec/bib/conf/eurocrypt/BonehBG05},
  bibsource = {dblp computer science bibliography, https://dblp.org}
}

@inproceedings{DBLP:conf/ctrsa/BonehBH06,
  author    = {Dan Boneh and
               Xavier Boyen and
               Shai Halevi},
  title     = {Chosen Ciphertext Secure Public Key Threshold Encryption Without Random
               Oracles},
  booktitle = {Topics in Cryptology - {CT-RSA} 2006, The Cryptographers' Track at
               the {RSA} Conference 2006, San Jose, CA, USA, February 13-17, 2006,
               Proceedings},
  pages     = {226--243},
  year      = {2006},
  crossref  = {DBLP:conf/ctrsa/2006},
  timestamp = {Tue, 14 May 2019 10:00:52 +0200},
  biburl    = {https://dblp.org/rec/bib/conf/ctrsa/BonehBH06},
  bibsource = {dblp computer science bibliography, https://dblp.org}
}

@inproceedings{DBLP:conf/eurocrypt/BonehCOP04,
  author    = {Dan Boneh and
               Giovanni Di Crescenzo and
               Rafail Ostrovsky and
               Giuseppe Persiano},
  title     = {Public Key Encryption with Keyword Search},
  booktitle = {Advances in Cryptology - {EUROCRYPT} 2004, International Conference
               on the Theory and Applications of Cryptographic Techniques, Interlaken,
               Switzerland, May 2-6, 2004, Proceedings},
  pages     = {506--522},
  year      = {2004},
  crossref  = {DBLP:conf/eurocrypt/2004},
  timestamp = {Tue, 14 May 2019 10:00:53 +0200},
  biburl    = {https://dblp.org/rec/bib/conf/eurocrypt/BonehCOP04},
  bibsource = {dblp computer science bibliography, https://dblp.org}
}

@inproceedings{DBLP:conf/crypto/BonehF01,
  author    = {Dan Boneh and
               Matthew K. Franklin},
  title     = {Identity-Based Encryption from the Weil Pairing},
  booktitle = {Advances in Cryptology - {CRYPTO} 2001, 21st Annual International
               Cryptology Conference, Santa Barbara, California, USA, August 19-23,
               2001, Proceedings},
  pages     = {213--229},
  year      = {2001},
  crossref  = {DBLP:conf/crypto/2001},
  timestamp = {Tue, 14 May 2019 10:00:48 +0200},
  biburl    = {https://dblp.org/rec/bib/conf/crypto/BonehF01},
  bibsource = {dblp computer science bibliography, https://dblp.org}
}

@inproceedings{DBLP:conf/ctrsa/BonehK05,
  author    = {Dan Boneh and
               Jonathan Katz},
  title     = {Improved Efficiency for CCA-Secure Cryptosystems Built Using Identity-Based
               Encryption},
  booktitle = {Topics in Cryptology - {CT-RSA} 2005, The Cryptographers' Track at
               the {RSA} Conference 2005, San Francisco, CA, USA, February 14-18,
               2005, Proceedings},
  pages     = {87--103},
  year      = {2005},
  crossref  = {DBLP:conf/ctrsa/2005},
  timestamp = {Tue, 14 May 2019 10:00:52 +0200},
  biburl    = {https://dblp.org/rec/bib/conf/ctrsa/BonehK05},
  bibsource = {dblp computer science bibliography, https://dblp.org}
}

@inproceedings{DBLP:conf/ccs/BoyenMW05,
  author    = {Xavier Boyen and
               Qixiang Mei and
               Brent Waters},
  title     = {Direct chosen ciphertext security from identity-based techniques},
  booktitle = {Proceedings of the 12th {ACM} Conference on Computer and Communications
               Security, {CCS} 2005, Alexandria, VA, USA, November 7-11, 2005},
  pages     = {320--329},
  year      = {2005},
  crossref  = {DBLP:conf/ccs/2005},
  timestamp = {Tue, 06 Nov 2018 11:07:30 +0100},
  biburl    = {https://dblp.org/rec/bib/conf/ccs/BoyenMW05},
  bibsource = {dblp computer science bibliography, https://dblp.org}
}

@inproceedings{DBLP:conf/crypto/BoyenW06,
  author    = {Xavier Boyen and
               Brent Waters},
  title     = {Anonymous Hierarchical Identity-Based Encryption (Without Random Oracles)},
  booktitle = {Advances in Cryptology - {CRYPTO} 2006, 26th Annual International
               Cryptology Conference, Santa Barbara, California, USA, August 20-24,
               2006, Proceedings},
  pages     = {290--307},
  year      = {2006},
  crossref  = {DBLP:conf/crypto/2006},
  timestamp = {Tue, 14 May 2019 10:00:48 +0200},
  biburl    = {https://dblp.org/rec/bib/conf/crypto/BoyenW06},
  bibsource = {dblp computer science bibliography, https://dblp.org}
}

@inproceedings{DBLP:conf/eurocrypt/CanettiHK03,
  author    = {Ran Canetti and
               Shai Halevi and
               Jonathan Katz},
  title     = {A Forward-Secure Public-Key Encryption Scheme},
  booktitle = {Advances in Cryptology - {EUROCRYPT} 2003, International Conference
               on the Theory and Applications of Cryptographic Techniques, Warsaw,
               Poland, May 4-8, 2003, Proceedings},
  pages     = {255--271},
  year      = {2003},
  crossref  = {DBLP:conf/eurocrypt/2003},
  timestamp = {Tue, 14 May 2019 10:00:53 +0200},
  biburl    = {https://dblp.org/rec/bib/conf/eurocrypt/CanettiHK03},
  bibsource = {dblp computer science bibliography, https://dblp.org}
}

@inproceedings{DBLP:conf/eurocrypt/CanettiHK04,
  author    = {Ran Canetti and
               Shai Halevi and
               Jonathan Katz},
  title     = {Chosen-Ciphertext Security from Identity-Based Encryption},
  booktitle = {Advances in Cryptology - {EUROCRYPT} 2004, International Conference
               on the Theory and Applications of Cryptographic Techniques, Interlaken,
               Switzerland, May 2-6, 2004, Proceedings},
  pages     = {207--222},
  year      = {2004},
  crossref  = {DBLP:conf/eurocrypt/2004},
  timestamp = {Tue, 14 May 2019 10:00:53 +0200},
  biburl    = {https://dblp.org/rec/bib/conf/eurocrypt/CanettiHK04},
  bibsource = {dblp computer science bibliography, https://dblp.org}
}

@inproceedings{DBLP:conf/ima/Cocks01,
  author    = {Clifford C. Cocks},
  title     = {An Identity Based Encryption Scheme Based on Quadratic Residues},
  booktitle = {Cryptography and Coding, 8th {IMA} International Conference, Cirencester,
               UK, December 17-19, 2001, Proceedings},
  pages     = {360--363},
  year      = {2001},
  crossref  = {DBLP:conf/ima/2001},
  timestamp = {Tue, 14 May 2019 10:00:45 +0200},
  biburl    = {https://dblp.org/rec/bib/conf/ima/Cocks01},
  bibsource = {dblp computer science bibliography, https://dblp.org}
}

@inproceedings{DBLP:conf/crypto/FujisakiO99,
  author    = {Eiichiro Fujisaki and
               Tatsuaki Okamoto},
  title     = {Secure Integration of Asymmetric and Symmetric Encryption Schemes},
  booktitle = {Advances in Cryptology - {CRYPTO} '99, 19th Annual International Cryptology
               Conference, Santa Barbara, California, USA, August 15-19, 1999, Proceedings},
  pages     = {537--554},
  year      = {1999},
  crossref  = {DBLP:conf/crypto/1999},
  timestamp = {Tue, 14 May 2019 10:00:48 +0200},
  biburl    = {https://dblp.org/rec/bib/conf/crypto/FujisakiO99},
  bibsource = {dblp computer science bibliography, https://dblp.org}
}

@inproceedings{DBLP:conf/focs/GargGH0SW13,
  author    = {Sanjam Garg and
               Craig Gentry and
               Shai Halevi and
               Mariana Raykova and
               Amit Sahai and
               Brent Waters},
  title     = {Candidate Indistinguishability Obfuscation and Functional Encryption
               for all Circuits},
  booktitle = {Proceedings of 54th Annual {IEEE} Symposium on Foundations of Computer Science, {FOCS}
               2013, 26-29 October, 2013, Berkeley, CA, {USA}},
  pages     = {40--49},
  year      = {2013},
  crossref  = {DBLP:conf/focs/2013},
  timestamp = {Fri, 19 May 2017 01:25:59 +0200},
  biburl    = {https://dblp.org/rec/bib/conf/focs/GargGH0SW13},
  bibsource = {dblp computer science bibliography, https://dblp.org}
}

@inproceedings{DBLP:conf/eurocrypt/Gentry06,
  author    = {Craig Gentry},
  title     = {Practical Identity-Based Encryption Without Random Oracles},
  booktitle = {Advances in Cryptology - {EUROCRYPT} 2006, 25th Annual International
               Conference on the Theory and Applications of Cryptographic Techniques,
               St. Petersburg, Russia, May 28 - June 1, 2006, Proceedings},
  pages     = {445--464},
  year      = {2006},
  crossref  = {DBLP:conf/eurocrypt/2006},
  timestamp = {Tue, 14 May 2019 10:00:53 +0200},
  biburl    = {https://dblp.org/rec/bib/conf/eurocrypt/Gentry06},
  bibsource = {dblp computer science bibliography, https://dblp.org}
}

@inproceedings{DBLP:conf/tcc/GentryH09,
  author    = {Craig Gentry and
               Shai Halevi},
  title     = {Hierarchical Identity Based Encryption with Polynomially Many Levels},
  booktitle = {Theory of Cryptography, 6th Theory of Cryptography Conference, {TCC}
               2009, San Francisco, CA, USA, March 15-17, 2009. Proceedings},
  pages     = {437--456},
  year      = {2009},
  crossref  = {DBLP:conf/tcc/2009},
  timestamp = {Tue, 14 May 2019 10:00:47 +0200},
  biburl    = {https://dblp.org/rec/bib/conf/tcc/GentryH09},
  bibsource = {dblp computer science bibliography, https://dblp.org}
}

@inproceedings{DBLP:conf/asiacrypt/GentryS02,
  author    = {Craig Gentry and
               Alice Silverberg},
  title     = {Hierarchical ID-Based Cryptography},
  booktitle = {Advances in Cryptology - {ASIACRYPT} 2002, 8th International Conference
               on the Theory and Application of Cryptology and Information Security,
               Queenstown, New Zealand, December 1-5, 2002, Proceedings},
  pages     = {548--566},
  year      = {2002},
  crossref  = {DBLP:conf/asiacrypt/2002},
  timestamp = {Tue, 14 May 2019 10:00:40 +0200},
  biburl    = {https://dblp.org/rec/bib/conf/asiacrypt/GentryS02},
  bibsource = {dblp computer science bibliography, https://dblp.org}
}

@inproceedings{DBLP:conf/eurocrypt/HorwitzL02,
  author    = {Jeremy Horwitz and
               Ben Lynn},
  title     = {Toward Hierarchical Identity-Based Encryption},
  booktitle = {Advances in Cryptology - {EUROCRYPT} 2002, International Conference
               on the Theory and Applications of Cryptographic Techniques, Amsterdam,
               The Netherlands, April 28 - May 2, 2002, Proceedings},
  pages     = {466--481},
  year      = {2002},
  crossref  = {DBLP:conf/eurocrypt/2002},
  timestamp = {Tue, 14 May 2019 10:00:53 +0200},
  biburl    = {https://dblp.org/rec/bib/conf/eurocrypt/HorwitzL02},
  bibsource = {dblp computer science bibliography, https://dblp.org}
}

@article{DBLP:journals/jise/HuWXY14,
  author    = {Xiaoming Hu and
               Jian Wang and
               Huajie Xu and
               Yinchun Yang},
  title     = {Constant Size Ciphertext and Private Key {HIBE} without Random Oracles},
  journal   = {J. Inf. Sci. Eng.},
  volume    = {30},
  number    = {2},
  pages     = {333--345},
  year      = {2014},
  timestamp = {Sat, 14 Jul 2018 13:43:04 +0200},
  biburl    = {https://dblp.org/rec/bib/journals/jise/HuWXY14},
  bibsource = {dblp computer science bibliography, https://dblp.org}
}

@inproceedings{DBLP:conf/tcc/LewkoW10,
  author    = {Allison B. Lewko and
               Brent Waters},
  title     = {New Techniques for Dual System Encryption and Fully Secure {HIBE}
               with Short Ciphertexts},
  booktitle = {Theory of Cryptography, 7th Theory of Cryptography Conference, {TCC}
               2010, Zurich, Switzerland, February 9-11, 2010. Proceedings},
  pages     = {455--479},
  year      = {2010},
  crossref  = {DBLP:conf/tcc/2010},
  timestamp = {Tue, 14 May 2019 10:00:47 +0200},
  biburl    = {https://dblp.org/rec/bib/conf/tcc/LewkoW10},
  bibsource = {dblp computer science bibliography, https://dblp.org}
}

@article{DBLP:journals/iacr/SakaiK03,
  author    = {Ryuichi Sakai and
               Masao Kasahara},
  title     = {{ID} based Cryptosystems with Pairing on Elliptic Curve},
  journal   = {{IACR} Cryptology ePrint Archive},
  volume    = {2003},
  pages     = {54},
  year      = {2003},
  timestamp = {Tue, 14 Aug 2018 17:08:28 +0200},
  biburl    = {https://dblp.org/rec/bib/journals/iacr/SakaiK03},
  bibsource = {dblp computer science bibliography, https://dblp.org}
}

@article{DBLP:journals/cacm/Shamir79,
  author    = {Adi Shamir},
  title     = {How to Share a Secret},
  journal   = {Communications of the {ACM}},
  volume    = {22},
  number    = {11},
  pages     = {612--613},
  year      = {1979},
  timestamp = {Wed, 14 Nov 2018 10:22:34 +0100},
  biburl    = {https://dblp.org/rec/bib/journals/cacm/Shamir79},
  bibsource = {dblp computer science bibliography, https://dblp.org}
}

@inproceedings{DBLP:conf/crypto/Shamir84,
  author    = {Adi Shamir},
  title     = {Identity-Based Cryptosystems and Signature Schemes},
  booktitle = {Advances in Cryptology, Proceedings of {CRYPTO} '84, Santa Barbara,
               California, USA, August 19-22, 1984, Proceedings},
  pages     = {47--53},
  year      = {1984},
  crossref  = {DBLP:conf/crypto/1984},
  timestamp = {Tue, 14 May 2019 10:00:48 +0200},
  biburl    = {https://dblp.org/rec/bib/conf/crypto/Shamir84},
  bibsource = {dblp computer science bibliography, https://dblp.org}
}

@inproceedings{DBLP:conf/eurocrypt/Waters05,
  author    = {Brent Waters},
  title     = {Efficient Identity-Based Encryption Without Random Oracles},
  booktitle = {Advances in Cryptology - {EUROCRYPT} 2005, 24th Annual International
               Conference on the Theory and Applications of Cryptographic Techniques,
               Aarhus, Denmark, May 22-26, 2005, Proceedings},
  pages     = {114--127},
  year      = {2005},
  crossref  = {DBLP:conf/eurocrypt/2005},
  timestamp = {Tue, 14 May 2019 10:00:53 +0200},
  biburl    = {https://dblp.org/rec/bib/conf/eurocrypt/Waters05},
  bibsource = {dblp computer science bibliography, https://dblp.org}
}

@inproceedings{DBLP:conf/crypto/Waters09,
  author    = {Brent Waters},
  title     = {Dual System Encryption: Realizing Fully Secure {IBE} and {HIBE} under
               Simple Assumptions},
  booktitle = {Advances in Cryptology - {CRYPTO} 2009, 29th Annual International
               Cryptology Conference, Santa Barbara, CA, USA, August 16-20, 2009.
               Proceedings},
  pages     = {619--636},
  year      = {2009},
  crossref  = {DBLP:conf/crypto/2009},
  timestamp = {Tue, 14 May 2019 10:00:48 +0200},
  biburl    = {https://dblp.org/rec/bib/conf/crypto/Waters09},
  bibsource = {dblp computer science bibliography, https://dblp.org}
}

@inproceedings{DBLP:conf/ndss/WatersBDS04,
  author    = {Brent R. Waters and
               Dirk Balfanz and
               Glenn Durfee and
               Diana K. Smetters},
  title     = {Building an Encrypted and Searchable Audit Log},
  booktitle = {Proceedings of the Network and Distributed System Security Symposium,
               {NDSS} 2004, San Diego, California, {USA}},
  year      = {2004},
  crossref  = {DBLP:conf/ndss/2004},
  timestamp = {Wed, 15 Dec 2004 13:45:53 +0100},
  biburl    = {https://dblp.org/rec/bib/conf/ndss/WatersBDS04},
  bibsource = {dblp computer science bibliography, https://dblp.org}
}

@article{nist_report,
  author    = {Dustin Moody and Rene Peralta and Ray Perlner and Andrew Regenscheid and Allen Roginsky and Lily Chen},
  title     = {Report on Pairing-based Cryptography},
  journal   = {Journal of Research of the National Institute of Standards and Technology},
  volume    = {120},
  pages     = {11-27},
  year      = {2015}
}

@phdthesis{ben_lynn_phd,
  author        = {Ben Lynn},
  title         = {On the Implementation of Pairing-Based Cryptosystems},
  organization  = {Department of Computer Science - Stanford University}
}

@misc{pbc,
  author        = {Ben Lynn},
  title         = {Pairing-Based Cryptography (PBC) Library},
  organization  = {Applied Cryptography Group - Stanford University},
  url           = {https://crypto.stanford.edu/pbc}
}

@misc{sodium,
  author        = {Frank Denis},
  title         = {Sodium Library},
  url           = {https://libsodium.org}
}

@book{Washington:2008:ECN:1388394,
 author = {Washington, Lawrence C.},
 title = {Elliptic Curves: Number Theory and Cryptography, Second Edition},
 year = {2008},
 isbn = {9781420071467},
 edition = {2},
 publisher = {Chapman \& Hall/CRC},
}

@book{Martin:2008:IIE:1370962,
 author = {Martin, Luther},
 title = {Introduction to Identity-Based Encryption (Information Security and Privacy Series)},
 year = {2008},
 isbn = {1596932384, 9781596932388},
 edition = {1},
 publisher = {Artech House, Inc.},
 address = {Norwood, MA, USA},
}
