@article{DBLP:journals/joc/BonehB11,
  author    = {Dan Boneh and
               Xavier Boyen},
  title     = {Efficient Selective Identity-Based Encryption Without Random Oracles},
  journal   = {Journal of Cryptology},
  volume    = {24},
  number    = {4},
  pages     = {659--693},
  year      = {2011},
  timestamp = {Thu, 18 May 2017 01:00:00 +0200},
  biburl    = {https://dblp.org/rec/bib/journals/joc/BonehB11},
  bibsource = {dblp computer science bibliography, https://dblp.org}
}

@inproceedings{DBLP:conf/eurocrypt/BonehBG05,
  author    = {Dan Boneh and
               Xavier Boyen and
               Eu{-}Jin Goh},
  title     = {Hierarchical Identity Based Encryption with Constant Size Ciphertext},
  booktitle = {Advances in Cryptology - Proceedings of {EUROCRYPT} 2005},
  pages     = {440--456},
  year      = {2005},
  crossref  = {DBLP:conf/eurocrypt/2005},
  timestamp = {Tue, 14 May 2019 10:00:53 +0200},
  biburl    = {https://dblp.org/rec/bib/conf/eurocrypt/BonehBG05},
  bibsource = {dblp computer science bibliography, https://dblp.org}
}

@inproceedings{DBLP:conf/crypto/BonehF01,
  author    = {Dan Boneh and
               Matthew K. Franklin},
  title     = {Identity-Based Encryption from the Weil Pairing},
  booktitle = {Advances in Cryptology - Proceedings of {CRYPTO} 2001},
  pages     = {213--229},
  year      = {2001},
  crossref  = {DBLP:conf/crypto/2001},
  timestamp = {Tue, 14 May 2019 10:00:48 +0200},
  biburl    = {https://dblp.org/rec/bib/conf/crypto/BonehF01},
  bibsource = {dblp computer science bibliography, https://dblp.org}
}

@inproceedings{DBLP:conf/ccs/BoyenMW05,
  author    = {Xavier Boyen and
               Qixiang Mei and
               Brent Waters},
  title     = {Direct chosen ciphertext security from identity-based techniques},
  booktitle = {Proceedings of {CCS} 2005},
  pages     = {320--329},
  year      = {2005},
  crossref  = {DBLP:conf/ccs/2005},
  timestamp = {Tue, 06 Nov 2018 11:07:30 +0100},
  biburl    = {https://dblp.org/rec/bib/conf/ccs/BoyenMW05},
  bibsource = {dblp computer science bibliography, https://dblp.org}
}

@inproceedings{DBLP:conf/ima/Cocks01,
  author    = {Clifford C. Cocks},
  title     = {An Identity Based Encryption Scheme Based on Quadratic Residues},
  booktitle = {Proceedings of the 8th {IMA} International Conference on Cryptography and Coding 2001},
  pages     = {360--363},
  year      = {2001},
  crossref  = {DBLP:conf/ima/2001},
  timestamp = {Tue, 14 May 2019 10:00:45 +0200},
  biburl    = {https://dblp.org/rec/bib/conf/ima/Cocks01},
  bibsource = {dblp computer science bibliography, https://dblp.org}
}

@inproceedings{DBLP:conf/eurocrypt/Gentry06,
  author    = {Craig Gentry},
  title     = {Practical Identity-Based Encryption Without Random Oracles},
  booktitle = {Advances in Cryptology - Proceedings of {EUROCRYPT} 2006},
  pages     = {445--464},
  year      = {2006},
  crossref  = {DBLP:conf/eurocrypt/2006},
  timestamp = {Tue, 14 May 2019 10:00:53 +0200},
  biburl    = {https://dblp.org/rec/bib/conf/eurocrypt/Gentry06},
  bibsource = {dblp computer science bibliography, https://dblp.org}
}

@inproceedings{DBLP:conf/asiacrypt/GentryS02,
  author    = {Craig Gentry and
               Alice Silverberg},
  title     = {Hierarchical ID-Based Cryptography},
  booktitle = {Advances in Cryptology - Proceedings of {ASIACRYPT} 2002},
  pages     = {548--566},
  year      = {2002},
  crossref  = {DBLP:conf/asiacrypt/2002},
  timestamp = {Tue, 14 May 2019 10:00:40 +0200},
  biburl    = {https://dblp.org/rec/bib/conf/asiacrypt/GentryS02},
  bibsource = {dblp computer science bibliography, https://dblp.org}
}

@inproceedings{DBLP:conf/eurocrypt/HorwitzL02,
  author    = {Jeremy Horwitz and
               Ben Lynn},
  title     = {Toward Hierarchical Identity-Based Encryption},
  booktitle = {Advances in Cryptology - Proceedings of {EUROCRYPT} 2002},
  pages     = {466--481},
  year      = {2002},
  crossref  = {DBLP:conf/eurocrypt/2002},
  timestamp = {Tue, 14 May 2019 10:00:53 +0200},
  biburl    = {https://dblp.org/rec/bib/conf/eurocrypt/HorwitzL02},
  bibsource = {dblp computer science bibliography, https://dblp.org}
}

@article{DBLP:journals/iacr/SakaiK03,
  author    = {Ryuichi Sakai and
               Masao Kasahara},
  title     = {{ID} based Cryptosystems with Pairing on Elliptic Curve},
  journal   = {{IACR} Cryptology ePrint Archive},
  volume    = {2003},
  pages     = {54},
  year      = {2003},
  timestamp = {Tue, 14 Aug 2018 17:08:28 +0200},
  biburl    = {https://dblp.org/rec/bib/journals/iacr/SakaiK03},
  bibsource = {dblp computer science bibliography, https://dblp.org}
}

@article{DBLP:journals/cacm/Shamir79,
  author    = {Adi Shamir},
  title     = {How to Share a Secret},
  journal   = {Communications of the {ACM}},
  volume    = {22},
  number    = {11},
  pages     = {612--613},
  year      = {1979},
  timestamp = {Wed, 14 Nov 2018 10:22:34 +0100},
  biburl    = {https://dblp.org/rec/bib/journals/cacm/Shamir79},
  bibsource = {dblp computer science bibliography, https://dblp.org}
}

@inproceedings{DBLP:conf/crypto/Shamir84,
  author    = {Adi Shamir},
  title     = {Identity-Based Cryptosystems and Signature Schemes},
  booktitle = {Advances in Cryptology, Proceedings of {CRYPTO} 1984},
  pages     = {47--53},
  year      = {1984},
  crossref  = {DBLP:conf/crypto/1984},
  timestamp = {Tue, 14 May 2019 10:00:48 +0200},
  biburl    = {https://dblp.org/rec/bib/conf/crypto/Shamir84},
  bibsource = {dblp computer science bibliography, https://dblp.org}
}

@inproceedings{DBLP:conf/eurocrypt/Waters05,
  author    = {Brent Waters},
  title     = {Efficient Identity-Based Encryption Without Random Oracles},
  booktitle = {Advances in Cryptology - Proceedings of {EUROCRYPT} 2005},
  pages     = {114--127},
  year      = {2005},
  crossref  = {DBLP:conf/eurocrypt/2005},
  timestamp = {Tue, 14 May 2019 10:00:53 +0200},
  biburl    = {https://dblp.org/rec/bib/conf/eurocrypt/Waters05},
  bibsource = {dblp computer science bibliography, https://dblp.org}
}
