@proceedings{DBLP:conf/ccs/2005,
  editor    = {Vijay Atluri and
               Catherine A. Meadows and
               Ari Juels},
  title     = {Proceedings of the 12th {ACM} Conference on Computer and Communications
               Security, {CCS} 2005, Alexandria, VA, USA, November 7-11, 2005},
  publisher = {{ACM}},
  year      = {2005},
  timestamp = {Mon, 14 Mar 2016 15:38:52 +0100},
  biburl    = {https://dblp.org/rec/bib/conf/ccs/2005},
  bibsource = {dblp computer science bibliography, https://dblp.org}
}

@proceedings{DBLP:conf/crypto/1984,
  editor    = {G. R. Blakley and
               David Chaum},
  title     = {Advances in Cryptology, Proceedings of {CRYPTO} '84, Santa Barbara,
               California, USA, August 19-22, 1984, Proceedings},
  series    = {Lecture Notes in Computer Science},
  volume    = {196},
  publisher = {Springer},
  year      = {1985},
  url       = {https://doi.org/10.1007/3-540-39568-7},
  doi       = {10.1007/3-540-39568-7},
  isbn      = {3-540-15658-5},
  timestamp = {Tue, 14 May 2019 10:00:48 +0200},
  biburl    = {https://dblp.org/rec/bib/conf/crypto/1984},
  bibsource = {dblp computer science bibliography, https://dblp.org}
}

@proceedings{DBLP:conf/crypto/2001,
  editor    = {Joe Kilian},
  title     = {Advances in Cryptology - {CRYPTO} 2001, 21st Annual International
               Cryptology Conference, Santa Barbara, California, USA, August 19-23,
               2001, Proceedings},
  series    = {Lecture Notes in Computer Science},
  volume    = {2139},
  publisher = {Springer},
  year      = {2001},
  timestamp = {Tue, 14 May 2019 10:00:48 +0200},
  biburl    = {https://dblp.org/rec/bib/conf/crypto/2001},
  bibsource = {dblp computer science bibliography, https://dblp.org}
}

@proceedings{DBLP:conf/eurocrypt/2005,
  editor    = {Ronald Cramer},
  title     = {Advances in Cryptology - {EUROCRYPT} 2005, 24th Annual International
               Conference on the Theory and Applications of Cryptographic Techniques,
               Aarhus, Denmark, May 22-26, 2005, Proceedings},
  series    = {Lecture Notes in Computer Science},
  volume    = {3494},
  publisher = {Springer},
  year      = {2005},
  timestamp = {Tue, 14 May 2019 10:00:53 +0200},
  biburl    = {https://dblp.org/rec/bib/conf/eurocrypt/2005},
  bibsource = {dblp computer science bibliography, https://dblp.org}
}

@proceedings{DBLP:conf/eurocrypt/2006,
  editor    = {Serge Vaudenay},
  title     = {Advances in Cryptology - {EUROCRYPT} 2006, 25th Annual International
               Conference on the Theory and Applications of Cryptographic Techniques,
               St. Petersburg, Russia, May 28 - June 1, 2006, Proceedings},
  series    = {Lecture Notes in Computer Science},
  volume    = {4004},
  publisher = {Springer},
  year      = {2006},
  timestamp = {Tue, 14 May 2019 10:00:53 +0200},
  biburl    = {https://dblp.org/rec/bib/conf/eurocrypt/2006},
  bibsource = {dblp computer science bibliography, https://dblp.org}
}